<record><leader>00000cas a22000007a 4500</leader><controlfield tag="001">19950155</controlfield><controlfield tag="008">890629d19171957mouwr ne      0    0eng d</controlfield><datafield ind1=" " ind2=" " tag="010"><subfield code="a">sn 89066777 </subfield></datafield><datafield ind1=" " ind2=" " tag="040"><subfield code="a">MQN</subfield><subfield code="b">eng</subfield><subfield code="c">MQN</subfield><subfield code="d">OCLCQ</subfield></datafield><datafield ind1=" " ind2=" " tag="042"><subfield code="a">msc</subfield></datafield><datafield ind1="0" ind2=" " tag="130"><subfield code="a">Jimplicute (Illmo, Mo. : 1917)</subfield></datafield><datafield ind1="1" ind2="4" tag="245"><subfield code="a">The jimplicute.</subfield></datafield><datafield ind1="1" ind2="3" tag="246"><subfield code="a">Illmo jimplicute</subfield></datafield><datafield ind1=" " ind2=" " tag="260"><subfield code="a">Illmo, Mo. :</subfield><subfield code="b">E.L. Purcell,</subfield><subfield code="c">1917-1957.</subfield></datafield><datafield ind1=" " ind2=" " tag="300"><subfield code="a">v.</subfield></datafield><datafield ind1=" " ind2=" " tag="310"><subfield code="a">Weekly</subfield></datafield><datafield ind1="0" ind2=" " tag="362"><subfield code="a">Vol. 3, no. 19 (May 3, 1917)-42nd year, no. 28 (June 27, 1957).</subfield></datafield><datafield ind1=" " ind2=" " tag="515"><subfield code="a">Yearly designation appears only on June 27, 1957 issue.</subfield></datafield><datafield ind1=" " ind2=" " tag="752"><subfield code="a">United States</subfield><subfield code="b">Missouri</subfield><subfield code="c">Scott</subfield><subfield code="d">Illmo.</subfield></datafield><datafield ind1="0" ind2="0" tag="780"><subfield code="t">Illmo jimplicute</subfield><subfield code="w">(DLC)sn 89066776</subfield></datafield><datafield ind1="0" ind2="0" tag="785"><subfield code="t">Tri-city jimplicute</subfield><subfield code="w">(DLC)sn 89066778</subfield></datafield></record>